@article{rqrmts-cots-comp,
    author        = {Asghar, Sohail and 
    			     Umar, Mahrukh},
    title         = {Requirement Engineering Challenges in Development of Software Applications and Selection of Customer-off-the-Shelf (COTS) Components},
    journaltitle  = {International Journal of Software
Engineering (IJSE)},
    volume  	  = {1},
    issue		  = {2},
    year          = {2010},
    pages		  = {32-50},
    url           = {http://www.cscjournals.org/manuscript/Journals/IJSE/volume1/Issue2/IJSE-7.pdf}
}